%----------------------------------------------------------------------------
\iffalse 
@Article{,
	author = "aa",
	title = "aa",
	journal = "aa",
	year = "aa",
	volume = "aa",
	pages = "aa",
}
\fi
