%----------------------
@misc{HEnaSrednjiSavi,
	author = "Kryžanowski, A. and Mikoš, M. and Brilly, M.",
	title = "Dragocen obnovljivi vir energije nam teče skozi prste?: Hidroelektrarne na srednji {Savi}",
	journal = "Delo",
	year = "2011",
	volume = "155",
	pages = "3",
	howpublished = {\url{http://www.delo.si/druzba/znanost/dragocen-obnovljivi-vir-energije-nam-tece-skozi-prste.html}},
	note = "(Pridobljeno 23. 08. 2017.)"
}

%----------------------

@book{VenTeChow,
	author = {Ven Te Chow},
	title = {Open-Channel Hydraulics},
	year = {1959},
	publisher = {New York, McGraw-Hill: 680 str},
}
